  preamble{ " \newcommand{\noop}[1]{} " } % a do-nothing command

@article{albright2009,
  title={Feature-based generalisation as a source of gradient acceptability},
  author={Albright, Adam},
  journal={Phonology},
  volume={26},
  number={1},
  pages={9--41},
  year={2009},
  publisher={Cambridge University Press}
}

@article{berent2007,
  title={What we know about what we have never heard: Evidence from perceptual illusions},
  author={Berent, Iris and Steriade, Donca and Lennertz, Tracy and Vaknin, Vered},
  journal={Cognition},
  volume={104},
  number={3},
  pages={591--630},
  year={2007},
  publisher={Elsevier}
}

@article{berent2008,
  title={Language universals in human brains},
  author={Berent, Iris and Lennertz, Tracy and Jun, Jongho and Moreno, Miguel A and Smolensky, Paul},
  journal={Proceedings of the National Academy of Sciences},
  volume={105},
  number={14},
  pages={5321--5325},
  year={2008},
  publisher={National Acad Sciences}
}

@article{best1992,
  title={Effects of phonological and phonetic factors on cross-language perception of approximants.},
  author={Best, Catherine T and Strange, Winifred},
  journal={Journal of Phonetics},
  year={1992},
  publisher={Elsevier Science}
}

@article{best1994,
  title={The emergence of native-language phonological influences in infants: A perceptual assimilation model},
  author={Best, Catherine T},
  journal={The development of speech perception: The transition from speech sounds to spoken words},
  volume={167},
  number={224},
  pages={233--277},
  year={1994}
}

@inproceedings{best2003,
  title={X{\'o}{\~o} click perception by English, Isizulu, and Sesotho listeners},
  author={Best, Catherine T and Traill, Anthony and Carter, Allyson and Harrison, K David and Faber, Alice},
  booktitle={Proceedings of the 15th International Congress of Phonetic Sciences},
  pages={853--856},
  year={2003}
}

@article{best1995,
  title={A Direct Realist View of Cross-Language Speech Perception},
  author={Best, Catherine T},
  journal={Speech perception and linguistic experience: Issues in cross-language research},
  pages={171--204},
  year={1995}
}

@article{bohn2012,
  title={Native-language phonetic and phonological influences on perception of American English approximants by Danish and German listeners},
  author={Bohn, Ocke-Schwen and Best, Catherine T},
  journal={Journal of Phonetics},
  volume={40},
  number={1},
  pages={109--128},
  year={2012},
  publisher={Elsevier}
}

@article{boersma2007,
  title={Constructing constraints from language data: The case of Canadian English diphthongs},
  author={Boersma, Paul and Pater, Joe},
  journal={Handout, NELS},
  volume={38},
  year={2007}
}

@article{chan2015,
  title={Deep recurrent neural networks for acoustic modelling},
  author={Chan, William and Lane, Ian},
  journal={arXiv preprint arXiv:1504.01482},
  year={2015}
}

@article{chi2005,
  title={Multiresolution spectrotemporal analysis of complex sounds},
  author={Chi, Taishih and Ru, Powen and Shamma, Shihab A},
  journal={The Journal of the Acoustical Society of America},
  volume={118},
  number={2},
  pages={887--906},
  year={2005},
  publisher={ASA}
}

@article{church1987,
  title={Phonological parsing and lexical retrieval},
  author={Church, Kenneth W},
  journal={Cognition},
  volume={25},
  number={1-2},
  pages={53--69},
  year={1987},
  publisher={Elsevier}
}

@article{daland2015,
  title={When in doubt, read the instructions: Orthographic effects in loanword adaptation},
  author={Daland, Robert and Oh, Mira and Kim, Syejeong},
  journal={Lingua},
  volume={159},
  pages={70--92},
  year={2015},
  publisher={Elsevier}
}
@article{davidson2012,
  title={Sources of illusion in consonant cluster perception},
  author={Davidson, Lisa and Shaw, Jason A},
  journal={Journal of Phonetics},
  volume={40},
  number={2},
  pages={234--248},
  year={2012},
  publisher={Elsevier}
}

@article{dehaene2000,
  title={Electrophysiological correlates of phonological processing: a cross-linguistic study},
  author={Dehaene-Lambertz, Ghislaine and Dupoux, Emmanuel and Gout, Ariel},
  journal={Journal of Cognitive Neuroscience},
  volume={12},
  number={4},
  pages={635--647},
  year={2000},
  publisher={MIT Press}
}

@article{dejong2012,
  title={Vowel epenthesis and segment identity in Korean learners of English},
  author={de Jong, Kenneth and Park, Hanyong},
  journal={Studies in Second Language Acquisition},
  volume={34},
  number={01},
  pages={127--155},
  year={2012},
  publisher={Cambridge Univ Press}
}

@article{dupoux1997,
  title={A destressing “deafness” in French?},
  author={Dupoux, Emmanuel and Pallier, Christophe and Sebastian, Nuria and Mehler, Jacques},
  journal={Journal of Memory and Language},
  volume={36},
  number={3},
  pages={406--421},
  year={1997},
  publisher={Elsevier}
}

@article{dupoux1999,
  title={Epenthetic vowels in {J}apanese: {A} perceptual illusion?},
  author={Dupoux, Emmanuel and Kakehi, Kazuhiko and Hirose, Yuki and Pallier, Christophe and Mehler, Jacques},
  journal={Journal of experimental psychology: human perception and performance},
  volume={25},
  number={6},
  pages={1568},
  year={1999},
  publisher={American Psychological Association}
}

@article{dupoux2001,
  title={New evidence for prelexical phonological processing in word recognition},
  author={Dupoux, Emmanuel and Pallier, Christophe and Kakehi, Kazuhiko and Mehler, Jacques},
  journal={Language and cognitive processes},
  volume={16},
  number={5-6},
  pages={491--505},
  year={2001},
  publisher={Taylor \& Francis}
}

@article{dupoux2008,
  title={Persistent stress ‘deafness’: The case of French learners of Spanish},
  author={Dupoux, Emmanuel and Sebasti{\'a}n-Gall{\'e}s, N{\'u}ria and Navarrete, Eduardo and Peperkamp, Sharon},
  journal={Cognition},
  volume={106},
  number={2},
  pages={682--706},
  year={2008},
  publisher={Elsevier}
}

@article{dupoux2010,
  title={Limits on bilingualism revisited: Stress ‘deafness’ in simultaneous French--Spanish bilinguals},
  author={Dupoux, Emmanuel and Peperkamp, Sharon and Sebasti{\'a}n-Gall{\'e}s, N{\'u}ria},
  journal={Cognition},
  volume={114},
  number={2},
  pages={266--275},
  year={2010},
  publisher={Elsevier}
}

  @article{dupoux2011,
  title={Where do illusory vowels come from?},
  author={Dupoux, Emmanuel and Parlato, Erika and Frota, Sonia and Hirose, Yuki and Peperkamp, Sharon},
  journal={Journal of Memory and Language},
  volume={64},
  number={3},
  pages={199--210},
  year={2011},
  publisher={Elsevier}
}

@article{durvasula2015,
  title={Illusory vowels in perceptual epenthesis: the role of phonological alternations},
  author={Durvasula, Karthik and Kahng, Jimin},
  journal={Phonology},
  volume={32},
  number={03},
  pages={385--416},
  year={2015},
  publisher={Cambridge Univ Press}
}

@article{durvasula2016,
  title={The role of phrasal phonology in speech perception: What perceptual epenthesis shows us},
  author={Durvasula, Karthik and Kahng, Jimin},
  journal={Journal of Phonetics},
  volume={54},
  pages={15--34},
  year={2016},
  publisher={Elsevier}
}

@article{durvasula2018,
  title={Phonology modulates the illusory vowels in perceptual illusions: Evidence from Mandarin and English},
  author={Durvasula, Karthik and Huang, Ho-Hsin and Uehara, Sayako and Luo, Qian and Lin, Yen-Hwei},
  journal={Laboratory Phonology: Journal of the Association for Laboratory Phonology},
  volume={9},
  number={1},
  year={2018},
  publisher={Ubiquity Press}
}

@article{escudero2009,
  title={A cross-dialect acoustic description of vowels: {B}razilian and {E}uropean {P}ortuguese},
  author={Escudero, Paola and Boersma, Paul and Rauber, Andr{\'e}ia Schurt and Bion, Ricardo AH},
  journal={The Journal of the Acoustical Society of America},
  volume={126},
  number={3},
  pages={1379--1393},
  year={2009},
  publisher={ASA}
}

@article{flege1995rl,
  title={Japanese adults can learn to produce English/I/and/l/accurately},
  author={Flege, James Emil and Takagi, Naoyuki and Mann, Virginia},
  journal={Language and Speech},
  volume={38},
  number={1},
  pages={25--55},
  year={1995},
  publisher={SAGE Publications Sage UK: London, England}
}

@article{flege1995factors,
  title={Factors affecting strength of perceived foreign accent in a second language},
  author={Flege, James Emil and Munro, Murray J and MacKay, Ian RA},
  journal={The Journal of the Acoustical Society of America},
  volume={97},
  number={5},
  pages={3125--3134},
  year={1995},
  publisher={ASA}
}

@article{gales2008,
  title={The application of hidden Markov models in speech recognition},
  author={Gales, Mark and Young, Steve and others},
  journal={Foundations and Trends{\textregistered} in Signal Processing},
  volume={1},
  number={3},
  pages={195--304},
  year={2008},
  publisher={Now Publishers, Inc.}
}

@article{gelman1992,
  title={Inference from iterative simulation using multiple sequences},
  author={Gelman, Andrew and Rubin, Donald B},
  journal={Statistical science},
  pages={457--472},
  year={1992},
  publisher={JSTOR}
}

@article{goto1971,
  title={Auditory perception by normal Japanese adults of the sounds {"L"} and {"R"}.},
  author={Goto, Hiromu},
  journal={Neuropsychologia},
  year={1971},
  publisher={Elsevier Science}
}

@inproceedings{guekozIS17,
  author = {Guevara-Rukoz, Adriana and Parlato-Oliveira, Erika and Yu, Shi and Hirose, Yuki and Peperkamp, Sharon and Dupoux, Emmanuel},
  title = {Predicting epenthetic vowel quality from acoustics},
  booktitle = {INTERSPEECH},
  pages = {}, 
  year = {2017}
}

@article{guekozJASA17,
  title={Which epenthetic vowel? Phonetic categories versus acoustic detail in perceptual vowel epenthesis},
  author={Guevara-Rukoz, Adriana and Lin, Isabelle and Morii, Masahiro and Minagawa, Yasuyo and Dupoux, Emmanuel and Peperkamp, Sharon},
  journal={The Journal of the Acoustical Society of America},
  volume={142},
  number={2},
  pages={EL211--EL217},
  year={2017},
  publisher={ASA}
}

@article{halle2007,
  title={Dental-to-velar perceptual assimilation: A cross-linguistic study of the perception of dental stop+/l/clusters},
  author={Hall{\'e}, Pierre A and Best, Catherine T},
  journal={The Journal of the Acoustical Society of America},
  volume={121},
  number={5},
  pages={2899--2914},
  year={2007},
  publisher={ASA}
}

@article{halle2008,
  title={Phonological mediation in visual masked priming: Evidence from phonotactic repair.},
  author={Hall{\'e}, Pierre A and Dominguez, Alberto and Cuetos, Fernando and Segui, Juan},
  journal={Journal of Experimental Psychology: Human Perception and Performance},
  volume={34},
  number={1},
  pages={177},
  year={2008},
  publisher={American Psychological Association}
}

@incollection{halle2014,
    author={Hall{\'e}, Pierre and Segu{\'\i}, Juan and Dom{\'\i}nguez, Alberto and Cuetos, Fernando},
    title={Special is especial but stuto is not astuto: Perception of prothetic /e/ in speech and print by speakers of Spanish},
    booktitle={Psicolingüística en Español. Homenaje a Juan Seguí.},
    publisher={Buenos Aires: Secretariá de Publicaciones, Facultad de Filosofía y Letras, Universidad de Buenos Aires},
    year={2014},
    editor={Jaichenco, Virginia and Sevilla, Yamila},
    pages={31-47}
}

@article{han1962,
  title={Unvoicing of vowels in {J}apanese},
  author={Han, Mieko Shimizu},
  journal={Onsei no kenkyuu},
  volume={10},
  pages={81--100},
  year={1962}
}

@article{hayes2008,
  title={A maximum entropy model of phonotactics and phonotactic learning},
  author={Hayes, Bruce and Wilson, Colin},
  journal={Linguistic inquiry},
  volume={39},
  number={3},
  pages={379--440},
  year={2008},
  publisher={MIT Press}
}

@article{holliday2014,
  title={The perceptual assimilation of Korean obstruents by native Mandarin listeners a},
  author={Holliday, Jeffrey J},
  journal={The Journal of the Acoustical Society of America},
  volume={135},
  number={3},
  pages={1585--1595},
  year={2014},
  publisher={ASA}
}

@article{holliday2017,
  title={K-SPAN: A lexical database of Korean surface phonetic forms and phonological neighborhood density statistics},
  author={Holliday, Jeffrey J and Turnbull, Rory and Eychenne, Julien},
  journal={Behavior research methods},
  volume={49},
  number={5},
  pages={1939--1950},
  year={2017},
  publisher={Springer}
}

@article{hyafil2015,
  title={Speech encoding by coupled cortical theta and gamma oscillations},
  author={Hyafil, Alexandre and Fontolan, Lorenzo and Kabdebon, Claire and Gutkin, Boris and Giraud, Anne-Lise},
  journal={Elife},
  volume={4},
  pages={e06213},
  year={2015},
  publisher={eLife Sciences Publications Limited}
}

@article{iverson2003,
  title={A perceptual interference account of acquisition difficulties for non-native phonemes},
  author={Iverson, Paul and Kuhl, Patricia K and Akahane-Yamada, Reiko and Diesch, Eugen and Tohkura, Yoh'ich and Kettermann, Andreas and Siebert, Claudia},
  journal={Cognition},
  volume={87},
  number={1},
  pages={B47--B57},
  year={2003},
  publisher={Elsevier}
}

@article{iverson2005,
  title={Phonetic training with acoustic cue manipulations: A comparison of methods for teaching English/r/-/l/to Japanese adults},
  author={Iverson, Paul and Hazan, Valerie and Bannister, Kerry},
  journal={The Journal of the Acoustical Society of America},
  volume={118},
  number={5},
  pages={3267--3278},
  year={2005},
  publisher={ASA}
}

@article{kabak2007,
  title={Perceptual distortions in the adaptation of {E}nglish consonant clusters: {S}yllable structure or consonantal contact constraints?},
  author={Kabak, Bari{\c{s}} and Idsardi, William J},
  journal={Language and Speech},
  volume={50},
  number={1},
  pages={23--52},
  year={2007},
  publisher={SAGE Publications Sage UK: London, England}
}

@article{keating1988,
  title={Underspecification in phonetics},
  author={Keating, Patricia A},
  journal={Phonology},
  volume={5},
  number={02},
  pages={275--292},
  year={1988},
  publisher={Cambridge Univ Press}
}

@article{kuhl1995,
  title={Linguistic experience and the},
  author={Kuhl, Patricia K and Iverson, P},
  journal={Perceptual Magnet Effect," in W. Strange ed., Speech Perception and Linguistic Experience: Issues in Cross-language Research},
  pages={121--154},
  year={1995}
}

@article{lively1994,
  title={Training Japanese listeners to identify English/r/and/l/. III. Long-term retention of new phonetic categories},
  author={Lively, Scott E and Pisoni, David B and Yamada, Reiko A and Tohkura, Yoh’ichi and Yamada, Tsuneo},
  journal={The Journal of the acoustical society of America},
  volume={96},
  number={4},
  pages={2076--2087},
  year={1994},
  publisher={ASA}
}

@article{logan1991,
  title={Training {Japanese} listeners to identify {English} {/r/} and {/l/}: {A} first report},
  author={Logan, John S and Lively, Scott E and Pisoni, David B},
  journal={The Journal of the Acoustical Society of America},
  volume={89},
  number={2},
  pages={874--886},
  year={1991},
  publisher={ASA}
}

@inproceedings{maekawa2003,
  title={Corpus of Spontaneous Japanese: Its design and evaluation},
  author={Maekawa, Kikuo},
  booktitle={ISCA \& IEEE Workshop on Spontaneous Speech Processing and Recognition},
  year={2003}
}

@article{matsui2017,
  title={On the input information of the C/D model for vowel devoicing in Japanese},
  author={Matsui, Michinao F},
  journal={Journal of the Phonetic Society of Japan},
  volume={21},
  number={1},
  pages={127--140},
  year={2017},
  publisher={The Phonetic Society of Japan}
}

@inproceedings{mattingley2015,
author = {Mattingley, Wakayo and Hume, Elizabeth and Hall, Kathleen Currie},
booktitle = {Proceedings of the 18th International Congress of Phonetic Sciences},
keywords = {Japanese,consonant-vowel interaction,native phonology,perceptual epenthesis},
pages = {888:1--5},
title = {{The influence of preceding consonant on perceptual epenthesis in {J}apanese}},
year = {2015}
}

@article{miyawaki1975,
  title={An effect of linguistic experience: The discrimination of {[r]} and {[l]} by native speakers of Japanese and English},
  author={Miyawaki, Kuniko and Jenkins, James J and Strange, Winifred and Liberman, Alvin M and Verbrugge, Robert and Fujimura, Osamu},
  journal={Perception \& Psychophysics},
  volume={18},
  number={5},
  pages={331--340},
  year={1975},
  publisher={Springer}
}

@article{monahan2009,
  title={Not all epenthetic contexts are equal: {D}ifferential effects in {J}apanese illusory vowel perception},
  author={Monahan, Philip J and Takahashi, Eri and Nakao, Chizuru and Idsardi, William J},
  journal={Japanese/Korean linguistics},
  volume={17},
  pages={391--405},
  year={2009}
}

@article{munro1996,
  title={The effects of age of second language learning on the production of English vowels},
  author={Munro, Murray J and Flege, James Emil and MacKay, Ian RA},
  journal={Applied psycholinguistics},
  volume={17},
  number={3},
  pages={313--334},
  year={1996},
  publisher={Cambridge University Press}
}

@article{nosofsky1992,
  title={Similarity scaling and cognitive process models},
  author={Nosofsky, Robert M},
  journal={Annual review of Psychology},
  volume={43},
  number={1},
  pages={25--53},
  year={1992},
  publisher={Annual Reviews 4139 El Camino Way, PO Box 10139, Palo Alto, CA 94303-0139, USA}
}

@inproceedings{panayotov2015,
  title={Librispeech: an {ASR} corpus based on public domain audio books},
  author={Panayotov, Vassil and Chen, Guoguo and Povey, Daniel and Khudanpur, Sanjeev},
  booktitle={Acoustics, Speech and Signal Processing (ICASSP), 2015 IEEE International Conference on},
  pages={5206--5210},
  year={2015},
  organization={IEEE}
}

@inproceedings{paul1992,
  title={The design for the Wall Street Journal-based CSR corpus},
  author={Paul, Douglas B and Baker, Janet M},
  booktitle={Proceedings of the workshop on Speech and Natural Language},
  pages={357--362},
  year={1992},
  organization={Association for Computational Linguistics}
}

@inproceedings{peperkamp2003,
  title={Reinterpreting loanword adaptations: the role of perception},
  author={Peperkamp, Sharon and Dupoux, Emmanuel},
  booktitle={Proceedings of the 15th international congress of phonetic sciences},
  volume={367},
  pages={370},
  year={2003}
}

@inproceedings{peperkamp2005,
  title={A psycholinguistic theory of loanword adaptations},
  author={Peperkamp, Sharon},
  booktitle={Annual Meeting of the Berkeley Linguistics Society},
  volume={30},
  pages={341--352},
  year={2005}
}

 @article{peperkamp2008,
  title={On the perceptual origin of loanword adaptations: experimental evidence from Japanese},
  author={Peperkamp, Sharon and Vendelin, Inga and Nakamura, Kimihiro},
  journal={Phonology},
  volume={25},
  number={1},
  pages={129--164},
  year={2008},
  publisher={Cambridge University Press}
}

@article{pitt2007,
  title={Buckeye Corpus of Conversational Speech (2nd release)[www.buckeyecorpus.osu. edu] Columbus, OH: Department of Psychology},
  author={Pitt, Mark A and Dilley, Laura and Johnson, Keith and Kiesling, Scott and Raymond, William and Hume, Elizabeth and Fosler-Lussier, Eric},
  journal={Ohio State University (Distributor)},
  year={2007}
}

@article{polka1991,
  title={Cross-language speech perception in adults: Phonemic, phonetic, and acoustic contributions},
  author={Polka, Linda},
  journal={The Journal of the Acoustical Society of America},
  volume={89},
  number={6},
  pages={2961--2977},
  year={1991},
  publisher={ASA}
}

@article{rose2006,
  title={Vowel epenthesis in loanword adaptation: {R}epresentational and phonetic considerations},
  author={Rose, Yvan and Demuth, Katherine},
  journal={Lingua},
  volume={116},
  number={7},
  pages={1112--1139},
  year={2006},
  publisher={Elsevier}
}

@article{sakoe1978,
  title={Dynamic programming algorithm optimization for spoken word recognition},
  author={Sakoe, Hiroaki and Chiba, Seibi},
  journal={IEEE transactions on acoustics, speech, and signal processing},
  volume={26},
  number={1},
  pages={43--49},
  year={1978},
  publisher={IEEE}
}

@book{saraclar2001,
  title={Pronunciation modeling for conversational speech recognition},
  author={Saraclar, Murat},
  year={2001},
  publisher={The Johns Hopkins University}
}

@phdthesis{schatz2016,
	address = {Paris},
	title = {{ABX}-{Discriminability} {Measures} and {Applications}},
	school = {Ecole Normale Supérieure},
	author = {Schatz, Thomas},
	year = {2016}
}

@article{schatz2018,
  title={Evaluating automatic speech recognition systems as quantitative models of cross-lingual phonetic category perception},
  author={Schatz, Thomas and Bach, Francis and Dupoux, Emmanuel},
  journal={The Journal of the Acoustical Society of America},
  volume={143},
  number={5},
  pages={EL372--EL378},
  year={2018},
  publisher={ASA}
}

@inproceedings{schultz2002,
  title={GlobalPhone: a multilingual speech and text database developed at Karlsruhe University},
  author={Schultz, Tanja},
  booktitle={Seventh International Conference on Spoken Language Processing},
  year={2002}
}

@inproceedings{shin2011,
  title={Individual Differences in Vowel Epenthesis among Korean Learners of English},
  author={Shin, Dong-Jin and Iverson, Paul},
  booktitle={(Proceedings) International Congress of Phonetic Sciences},
  pages={1822--1825},
  year={2011},
}

@article{shin2014,
  title={An Experimental Study of Vowel Epenthesis among Korean Learners of English},
  author={Shin, Dong-Jin and Iverson, Paul},
  journal={Phonetics and Speech Sciences},
  volume={6},
  number={2},
  pages={163--174},
  year={2014},
  publisher={The Korean Society of Speech Sciences}
}

@article{sebastian2005,
  title={Cross-language speech perception},
  author={Sebasti{\'a}n-Gall{\'e}s, N{\'u}ria},
  journal={The handbook of speech perception},
  pages={546--566},
  year={2005},
  publisher={Wiley Online Library}
}

@article{steriade2001,
  title={The phonology of perceptibility effects: the P-map and its consequences for constraint organization},
  author={Steriade, Donca},
  journal={Ms., UCLA},
  year={2001}
}

@article{smith2006,
  title={Loan phonology is not all perception: Evidence from Japanese loan doublets},
  author={Smith, Jennifer L},
  journal={Japanese/Korean Linguistics},
  volume={14},
  pages={63--74},
  year={2006}
}

@article{takagi1995,
title={The limits of extended naturalistic exposure on the perceptual mastery of English /r/ and /l/ by adult Japanese learners of English},
volume={16},
DOI={10.1017/S0142716400066005},
number={4},
journal={Applied Psycholinguistics},
publisher={Cambridge University Press},
author={Takagi, Naoyuki and Mann, Virginia}, year={1995}, pages={380–406}
}

@article{tsuchida2001,
  title={Japanese vowel devoicing: Cases of consecutive devoicing environments},
  author={Tsuchida, Ayako},
  journal={Journal of East Asian Linguistics},
  volume={10},
  number={3},
  pages={225--245},
  year={2001},
  publisher={Springer}
}

@article{uffmann2006,
  title={Epenthetic vowel quality in loanwords: {E}mpirical and formal issues},
  author={Uffmann, Christian},
  journal={Lingua},
  volume={116},
  number={7},
  pages={1079--1111},
  year={2006},
  publisher={Elsevier}
}

@inproceedings{wilson2013,
  title={Bayesian analysis of non-native cluster production},
  author={Wilson, Colin and Davidson, Lisa},
  booktitle={Proceedings of NELS},
  volume={40},
  year={2013}
}

@article{wilson2014,
  title={Effects of acoustic--phonetic detail on cross-language speech production},
  author={Wilson, Colin and Davidson, Lisa and Martin, Sean},
  journal={Journal of Memory and Language},
  volume={77},
  pages={1--24},
  year={2014},
  publisher={Elsevier}
}


@book{vance1987,
    author    = {Vance, Timothy J.},
    title     = {Introduction to Japanese phonology},
    publisher = {Albany, N.Y.: State University of New York Press},
    year      = {1987}
}

@article{vendelin2006,
  title={The influence of orthography on loanword adaptations},
  author={Vendelin, Inga and Peperkamp, Sharon},
  journal={Lingua},
  volume={116},
  number={7},
  pages={996--1007},
  year={2006},
  publisher={Elsevier}
}

@article{wang2004,
  title={Computer-based training for learning English vowel contrasts},
  author={Wang, Xinchun and Munro, Murray J},
  journal={System},
  volume={32},
  number={4},
  pages={539--552},
  year={2004},
  publisher={Elsevier}
}

@inproceedings{wong2012,
  title={Training the Perception and Production of {English} /e/ and /ae/ of {Cantonese ESL} Learners: {A} Comparison of Low vs. High Variability Phonetic Training},
  author={Wong, Janice Wing Sze},
  booktitle={Proceedings of the 14th Australasian International Conference on Speech Science and Techniology. Sydney, Australia},
  pages={3--6},
  year={2012}
}

@article{ylinen2010,
  title={Training the brain to weight speech cues differently: A study of Finnish second-language users of English},
  author={Ylinen, Sari and Uther, Maria and Latvala, Antti and Veps{\"a}l{\"a}inen, Sara and Iverson, Paul and Akahane-Yamada, Reiko and N{\"a}{\"a}t{\"a}nen, Risto},
  journal={Journal of Cognitive Neuroscience},
  volume={22},
  number={6},
  pages={1319--1332},
  year={2010},
  publisher={MIT Press}
}

@article{yun2015,
  title={The Korean Corpus of spontaneous speech},
  author={Yun, Weonhee and Yoon, Kyuchul and Park, Sunwoo and Lee, Juhee and Cho, Sungmoon and Kang, Ducksoo and Byun, Koonhyuk and Hahn, Hyeseung and Kim, Jungsun},
  journal={Daegu: Industry-Academic Cooperation Foundation, Keimyung University (Distributor)},
  year={2015}
}

@article{zhao2018,
  title={The Basis of the Syllable Hierarchy: Articulatory Pressures or Universal Phonological Constraints?},
  author={Zhao, Xu and Berent, Iris},
  journal={Journal of psycholinguistic research},
  volume={47},
  number={1},
  pages={29--64},
  year={2018},
  publisher={Springer}
}

%%%%% R PACKAGES %%%%%
  @Manual{R-base,
    title = {R: {A} Language and Environment for Statistical Computing},
    author = {{R Core Team}},
    organization = {R Foundation for Statistical Computing},
    address = {Vienna, Austria},
    year = {2016},
    url = {https://www.R-project.org/},
  }
  
@Article{R-coda,
    title = {{CODA}: Convergence Diagnosis and Output Analysis for {MCMC}},
    author = {Martyn Plummer and Nicky Best and Kate Cowles and Karen
      Vines},
    journal = {R News},
    year = {2006},
    volume = {6},
    number = {1},
    pages = {7--11},
    url = {https://journal.r-project.org/archive/},
    pdf = {https://www.r-project.org/doc/Rnews/Rnews_2006-1.pdf},
  }
  
    @Article{R-dtw,
    title = {Computing and Visualizing Dynamic Time Warping Alignments
      in {R}: The {dtw} Package},
    author = {Toni Giorgino},
    journal = {Journal of Statistical Software},
    year = {2009},
    volume = {31},
    number = {7},
    pages = {1--24},
    url = {http://www.jstatsoft.org/v31/i07/},
  }

@Article{R-lme4,
    title = {Fitting Linear Mixed-Effects Models Using {lme4}},
    author = {Douglas Bates and Martin M{\"a}chler and Ben Bolker and
      Steve Walker},
    journal = {Journal of Statistical Software},
    year = {2015},
    volume = {67},
    number = {1},
    pages = {1--48},
    doi = {10.18637/jss.v067.i01},
  }

  @Article{R-lsmeans,
    title = {Least-Squares Means: The {R} Package {lsmeans}},
    author = {Russell V. Lenth},
    journal = {Journal of Statistical Software},
    year = {2016},
    volume = {69},
    number = {1},
    pages = {1--33},
    doi = {10.18637/jss.v069.i01},
  }

  
@Article{R-MCMCglmm,
    title = {{MCMC} Methods for Multi-Response Generalized Linear Mixed Models: The {MCMCglmm} {R} Package},
    author = {Jarrod D Hadfield},
    journal = {Journal of Statistical Software},
    year = {2010},
    volume = {33},
    number = {2},
    pages = {1--22},
    url = {http://www.jstatsoft.org/v33/i02/},
    }
    
    @Manual{R-tuneR,
    title = {{tuneR}: Analysis of music},
    author = {Uwe Ligges and Sebastian Krey and Olaf Mersmann and Sarah
      Schnackenberg},
    year = {2016},
    url = {http://r-forge.r-project.org/projects/tuner/},
  }
  
    @Manual{R-wrassp,
    title = {wrassp: an R wrapper to the ASSP Library},
    author = {Lasse Bombien and Raphael Winkelmann and Michel
      Scheffers},
    year = {2016},
    note = {R package version 0.1.4},
  }


%%%%% OTHER SOFTWARE %%%%%

@article{praat,
  title={Praat, a system for doing phonetics by computer},
  author={Boersma, Paul and others},
  journal={Glot international},
  volume={5},
  number={9/10},
  pages={341--345},
  year={2002}
}

@INPROCEEDINGS{povey2011,
         author = {Povey, Daniel and Ghoshal, Arnab and Boulianne, Gilles and Burget, Lukas and Glembek, Ondrej and Goel, Nagendra and Hannemann, Mirko and Motlicek, Petr and Qian, Yanmin and Schwarz, Petr and Silovsky, Jan and Stemmer, Georg and Vesely, Karel},
       keywords = {ASR, Automatic Speech Recognition, GMM, HTK, SGMM},
          month = dec,
          title = {The Kaldi Speech Recognition Toolkit},
      booktitle = {IEEE 2011 Workshop on Automatic Speech Recognition and Understanding},
           year = {2011},
      publisher = {IEEE Signal Processing Society},
       location = {Hilton Waikoloa Village, Big Island, Hawaii, US},
           note = {IEEE Catalog No.: CFP11SRW-USB},
}



%to add below


%%%%%%%%%%%%%%%%%%%%%%%%%%%%%%%%%
% /!\ IN ALPHABETICAL ORDER /!\ %
%%%%%%%%%%%%%%%%%%%%%%%%%%%%%%%%%

@inproceedings{andruski1999,
  title={The acoustics of vowels in {Japanese} women’s speech to infants and adults},
  author={Andruski, Jean E and Kuhl, Patricia K and Hayashi, Akiko},
  booktitle={Proceedings of the 14th International Congress on Phonetic Sciences},
  volume={3},
  pages={2177--79},
  year={1999}
}

@incollection{antetomaso_2016,
	Address = {Somerville, MA},
	Author = {Antetomaso, Stephanie and Miyazawa, Kouki and Feldman, N. and Elsner, Micha and Hitczenko, Kasia and Mazuka, Reiko},
	Booktitle = {Proceedings of the 41th {Annual} {Boston} {University} {Conference} on {Language} {Development}},
	Editor = {LaMendola, Maria and Scott, Jennifer},
	Keywords = {Konferenzschrift},
	Language = {eng},
	Note = {OCLC: 992973124},
	Pages = {32--45},
	Publisher = {Cascadilla Press},
	Title = {Modeling {Phonetic} {Category} {Learning} from {Natural} {Acoustic} {Data}},
	Year = {2016}}

@article{aslin1996,
  title={Models of word segmentation in fluent maternal speech to infants},
  author={Aslin, Richard N and Woodward, Julide Z and LaMendola, Nicholas P and Bever, Thomas G},
  journal={Signal to syntax: Bootstrapping from speech to grammar in early acquisition},
  pages={117--134},
  year={1996}
}

@article{agus2010,
  title={Rapid formation of robust auditory memories: insights from noise},
  author={Agus, Trevor R and Thorpe, Simon J and Pressnitzer, Daniel},
  journal={Neuron},
  volume={66},
  number={4},
  pages={610--618},
  year={2010},
  publisher={Elsevier}
}

@article{beckman_2000,
	title = {The ontogeny of phonological categories and the primacy of lexical learning in linguistic development},
	volume = {71},
	number = {1},
	journal = {Child development},
	author = {Beckman, Mary E and Edwards, Jan},
	year = {2000},
	pages = {240--249}
}

@article{beckman2007,
  title={Vocabulary growth and the developmental expansion of types of phonological knowledge},
  author={Beckman, Mary E and Munson, Benjamin and Edwards, Jan},
  journal={Laboratory phonology},
  volume={9},
  pages={241--264},
  year={2007}
}

@article{benders2013,
  title={Mommy is only happy! {Dutch} mothers’ realisation of speech sounds in infant-directed speech expresses emotion, not didactic intent},
  author={Benders, Titia},
  journal={Infant Behavior and Development},
  volume={36},
  number={4},
  pages={847--862},
  year={2013},
  publisher={Elsevier}
}

@inproceedings{bergmann2016,
	Author = {Bergmann, Christina and Cristia, Alejandrina and Dupoux, Emmanuel},
	Booktitle = {Proceedings of the 38th Annual Conference of the Cognitive Science Society},
	Keywords = {reviewed},
	Pages = {1331-1336},
	Title = {Discriminability of sound contrasts in the face of speaker variation quantified},
	Year = {2016}
}

@inproceedings{bergmann2017top,
  title={Top-down versus bottom-up theories of phonological acquisition: A big data approach},
  author={Bergmann, Christina and Tsuji, Sho and Cristia, Alejandrina},
  year={2017},
  booktitle={Interspeech},
  url={https://osf.io/vypwu/},
  doi={10.21437/Interspeech.2017-1443}
}

@article{bernstein1984,
  title={Patterns of vowel modification in mother--child speech},
  author={Bernstein Ratner, Nan},
  journal={Journal of child language},
  volume={11},
  number={03},
  pages={557--578},
  year={1984},
  publisher={Cambridge Univ Press}
}

@article{burnham2002,
  title={What's new, pussycat? {On} talking to babies and animals},
  author={Burnham, Denis and Kitamura, Christine and Vollmer-Conna, Ut{\'e}},
  journal={Science},
  volume={296},
  number={5572},
  pages={1435--1435},
  year={2002},
  publisher={American Association for the Advancement of Science}
}

@article{coady2003,
  title={Phonological neighbourhoods in the developing lexicon},
  author={Coady, Jeffry A and Aslin, Richard N},
  journal={Journal of child language},
  volume={30},
  number={02},
  pages={441--469},
  year={2003},
  publisher={Cambridge Univ Press}
}

@article{csibra2006,
  title={Social learning and social cognition: {The} case for pedagogy},
  author={Csibra, Gergely and Gergely, Gy{\"o}rgy},
  journal={Processes of change in brain and cognitive development. Attention and performance XXI},
  volume={21},
  pages={249--274},
  year={2006}
}

@article{cristia2014,
author = {Cristia, Alejandrina and Seidl, Amanda},
issn = {1469-7602},
journal = {Journal of Child Language},
pages = {1--22},
pmid = {23406830},
title = {{The hyperarticulation hypothesis of infant-directed speech.}},
url = {http://www.ncbi.nlm.nih.gov/pubmed/23406830},
volume = {},
year = {2014}
}

@article{dautriche2015,
  title={Learning novel phonological neighbors: {Syntactic} category matters},
  author={Dautriche, Isabelle and Swingley, Daniel and Christophe, Anne},
  journal={Cognition},
  volume={143},
  pages={77--86},
  year={2015},
  publisher={Elsevier}
}

@article{dautriche2017,
  title={Words cluster phonetically beyond phonotactic regularities},
  author={Dautriche, Isabelle and Mahowald, Kyle and Gibson, Edward and Christophe, Anne and Piantadosi, Steven T},
  journal={Cognition},
  volume={163},
  pages={128--145},
  year={2017},
  publisher={Elsevier}
}

@article{davis2001,
  title={Phonetic variability and {Baby} {Talk}},
  author={Davis, Babs and Lindblom, Bj{\"o}rn},
  year={2001},
  publisher={Lawrence Erlbaum, Mahwah NJ}
}

@article{deboer2003,
  title={Investigating the role of infant-directed speech with a computer model},
  author={De Boer, Bart and Kuhl, Patricia K},
  journal={Acoustics Research Letters Online},
  volume={4},
  number={4},
  pages={129--134},
  year={2003},
  publisher={Acoustical Society of America}
}

@article{dilley_2014,
  title={Phonetic variation in consonants in infant-directed and adult-directed speech: {The} case of regressive place assimilation in word-final alveolar stops},
  author={Dilley, Laura C and Millett, Amanda L and McAuley, J Devin and Bergeson, Tonya R},
  journal={Journal of Child Language},
  volume={41},
  number={01},
  pages={155--175},
  year={2014},
  publisher={Cambridge Univ Press}
}

@article{dupoux_2017,
  author    = {Emmanuel Dupoux},
  title     = {Cognitive Science in the era of Artificial Intelligence: {A} roadmap
               for reverse-engineering the infant language-learner},
  journal   = {CoRR},
  volume    = {abs/1607.08723},
  year      = {2016},
  url       = {http://arxiv.org/abs/1607.08723},
  archivePrefix = {arXiv},
  eprint    = {1607.08723},
  timestamp = {Wed, 07 Jun 2017 14:43:08 +0200},
  biburl    = {http://dblp.org/rec/bib/journals/corr/Dupoux16},
  bibsource = {dblp computer science bibliography, http://dblp.org}
}

@article{endress2007,
  title={Perceptual constraints and the learnability of simple grammars},
  author={Endress, Ansgar D and Dehaene-Lambertz, Ghislaine and Mehler, Jacques},
  journal={Cognition},
  volume={105},
  number={3},
  pages={577--614},
  year={2007},
  publisher={Elsevier}
}

@article{endress2009,
  title={Perceptual and memory constraints on language acquisition},
  author={Endress, Ansgar D and Nespor, Marina and Mehler, Jacques},
  journal={Trends in cognitive sciences},
  volume={13},
  number={8},
  pages={348--353},
  year={2009},
  publisher={Elsevier}
}

@article{englund2005,
  title={Infant directed speech in natural interaction — {Norwegian} vowel quantity and quality},
  author={Englund, Kjellrun T and Behne, Dawn M},
  journal={Journal of Psycholinguistic Research},
  volume={34},
  number={3},
  pages={259--280},
  year={2005},
  publisher={Springer}
}

@article{fais_2010,
  title={Now you hear it, now you don't: vowel devoicing in {Japanese} infant-directed speech},
  author={Fais, Laurel and Kajikawa, Sachiyo and Amano, Shigeaki and Werker, Janet F},
  journal={Journal of child language},
  volume={37},
  number={02},
  pages={319--340},
  year={2010},
  publisher={Cambridge Univ Press}
}
	
@inproceedings{feldman_learning_2009,
	title = {Learning phonetic categories by learning a lexicon},
	booktitle = {Proceedings of the 31st annual conference of the cognitive science society},
	author = {Feldman, N. H. and Griffiths, T. L. and Morgan, J. L.},
	year = {2009},
	pages = {2208--2213}
}

@article{feldman2013role,
  title={A role for the developing lexicon in phonetic category acquisition.},
  author={Feldman, Naomi H and Griffiths, Thomas L and Goldwater, Sharon and Morgan, James L},
  journal={Psychological review},
  volume={120},
  number={4},
  pages={751},
  year={2013},
  publisher={American Psychological Association}
}

@article{feldman2013word,
  title={Word-level information influences phonetic learning in adults and infants},
  author={Feldman, Naomi H and Myers, Emily B and White, Katherine S and Griffiths, Thomas L and Morgan, James L},
  journal={Cognition},
  volume={127},
  number={3},
  pages={427--438},
  year={2013},
  publisher={Elsevier}
}

@article{ferguson1964,
  title={Baby talk in six languages},
  author={Ferguson, Charles A},
  journal={American anthropologist},
  volume={66},
  number={6\_PART2},
  pages={103--114},
  year={1964},
  publisher={Wiley Online Library}
}

@article{fernald1989,
  title={A cross-language study of prosodic modifications in mothers' and fathers' speech to preverbal infants},
  author={Fernald, Anne and Taeschner, Traute and Dunn, Judy and Papousek, Mechthild and de Boysson-Bardies, B{\'e}n{\'e}dicte and Fukui, Ikuko},
  journal={Journal of child language},
  volume={16},
  number={03},
  pages={477--501},
  year={1989},
  publisher={Cambridge Univ Press}
}
@article{fernald1993,
  title={Common themes and cultural variations in {Japanese} and {American} mothers' speech to infants},
  author={Fernald, Anne and Morikawa, Hiromi},
  journal={Child development},
  volume={64},
  number={3},
  pages={637--656},
  year={1993},
  publisher={Wiley Online Library}
}

@article{fernald2000,
  title={Speech to infants as hyperspeech: {Knowledge-driven} processes in early word recognition},
  author={Fernald, Anne},
  journal={Phonetica},
  volume={57},
  number={2-4},
  pages={242--254},
  year={2000},
  publisher={Karger Publishers}
}

@article{fourtassi2013,
  title={Whyisenglishsoeasytosegment},
  author={Fourtassi, Abdellah and B{\"o}rschinger, Benjamin and Johnson, Mark and Dupoux, Emmanuel},
  journal={Proc. of CMCL},
  year={2013}
}

@inproceedings{fourtassi2014,
  title={A Rudimentary Lexicon and Semantics Help Bootstrap Phoneme Acquisition.},
  author={Fourtassi, Abdellah and Dupoux, Emmanuel},
  booktitle={CoNLL},
  pages={191--200},
  year={2014}
}

@article{garlock2001,
title = {{Age-of-Acquisition, Word Frequency, and Neighborhood Density Effects on Spoken Word Recognition by Children and Adults}},
author = {Garlock, Victoria M. and Walley, Amanda C. and Metsala, Jamie L.},
journal = {Journal of Memory and Language},
volume = {45},
number = {3},
pages = {468--492},
year = {2001}
}

@article{goldfield1990,
  title={Early lexical acquisition: {Rate}, content, and the vocabulary spurt},
  author={Goldfield, Beverly A and Reznick, J Steven},
  journal={Journal of child language},
  volume={17},
  number={01},
  pages={171--183},
  year={1990},
  publisher={Cambridge Univ Press}
}

@article{golinkoff1995,
  title={Infant-directed speech facilitates lexical learning in adults hearing {Chinese}: {Implications} for language acquisition},
  author={Golinkoff, Roberta Michnick and Alioto, Anthony},
  journal={Journal of Child Language},
  volume={22},
  number={03},
  pages={703--726},
  year={1995},
  publisher={Cambridge Univ Press}
}

@article{golinkoff2015,
  title={(Baby) Talk to Me: {The} Social Context of Infant-Directed Speech and Its Effects on Early Language Acquisition},
  author={Golinkoff, Roberta Michnick and Can, Dilara Deniz and Soderstrom, Melanie and Hirsh-Pasek, Kathy},
  journal={Current Directions in Psychological Science},
  volume={24},
  number={5},
  pages={339--344},
  year={2015},
  publisher={SAGE Publications}
}

@article{greenwood2011,
  title={Assessing children’s home language environments using automatic speech recognition technology},
  author={Greenwood, Charles R and Thiemann-Bourque, Kathy and Walker, Dale and Buzhardt, Jay and Gilkerson, Jill},
  journal={Communication Disorders Quarterly},
  volume={32},
  number={2},
  pages={83--92},
  year={2011},
  publisher={SAGE Publications}
}

@article{guenther_1996,
	title = {The perceptual magnet effect as an emergent property of neural map formation},
	institution = {Boston University Center for Adaptive Systems and Department of Cognitive and Neural Systems},
	author = {Guenther, F. H. and Gjaja, M. N.},
	year = {1996},
	journal={Journal of the Acoustical Society of America},
	volume={100},
	pages={1111-1121}
}

@article{henning2005,
  title={Maternal speech to infants at 1 and 3 months of age},
  author={Henning, Anne and Striano, Tricia and Lieven, Elena VM},
  journal={Infant Behavior and Development},
  volume={28},
  number={4},
  pages={519--536},
  year={2005},
  publisher={Elsevier}
}

@article{houston2000,
  title={The role of talker-specific information in word segmentation by infants.},
  author={Houston, Derek M and Jusczyk, Peter W},
  journal={Journal of Experimental Psychology: Human Perception and Performance},
  volume={26},
  number={5},
  pages={1570},
  year={2000},
  publisher={American Psychological Association}
}

@article{iba2000,
  title={An Analysis of the First 50 Words Acquired by Young Japanese Children},
  author={Iba, Midori},
  journal={Language and culture: the journal of the Institute for Language and Culture},
  volume={4},
  pages={45--56},
  year={2000}
}

@article{igarashi2013,
  title={Phonological theory informs the analysis of intonational exaggeration in {Japanese} infant-directed speech},
  author={Igarashi, Yosuke and Nishikawa, Ken'ya and Tanaka, Kuniyoshi and Mazuka, Reiko},
  journal={The Journal of the Acoustical Society of America},
  volume={134},
  number={2},
  pages={1283--1294},
  year={2013},
  publisher={Acoustical Society of America}
}

@article{imai2008,
  title={Sound symbolism facilitates early verb learning},
  author={Imai, Mutsumi and Kita, Sotaro and Nagumo, Miho and Okada, Hiroyuki},
  journal={Cognition},
  volume={109},
  number={1},
  pages={54--65},
  year={2008},
  publisher={Elsevier}
}

@article{imai2014,
  title={The sound symbolism bootstrapping hypothesis for language acquisition and language evolution},
  author={Imai, Mutsumi and Kita, Sotaro},
  journal={Philosophical Transactions of the Royal Society of London B: Biological Sciences},
  volume={369},
  number={1651},
  pages={20130298},
  year={2014},
  publisher={The Royal Society}
}

@inproceedings{jansen_2011,
	title = {Towards unsupervised training of speaker independent acoustic models},
	booktitle = {Proceedings of {INTERSPEECH}},
	author = {Jansen, A. and Church, K.},
	year = {2011},
	pages = {1693--1696}
	}

@article{johnson2013,
author = {Johnson, Elizabeth K. and Lahey, Mybeth and Ernestus, Mirjam and Cutler, Anne},
journal = {The Journal of the Acoustical Society of America},
number = {November 2013},
title = {{A multimodal corpus of speech to infant and adult listeners}},
volume = {134},
year = {2013}
}

@article{jusczyk1993,
  title={Infants′ sensitivity to the sound patterns of native language words},
  author={Jusczyk, Peter W and Friederici, Angela D and Wessels, Jeanine MI and Svenkerud, Vigdis Y and Jusczyk, Ann Marie},
  journal={Journal of memory and language},
  volume={32},
  number={3},
  pages={402--420},
  year={1993},
  publisher={Elsevier}
}

@article{jusczyk1994,
  title={Infants′ sensitivity to phonotactic patterns in the native language},
  author={Jusczyk, Peter W and Luce, Paul A},
  journal={Journal of Memory and Language},
  volume={33},
  number={5},
  pages={630--645},
  year={1994},
  publisher={Elsevier}
}

@article{jusczyk_1990,
  title={The role of attention in speech perception by young infants},
  author={Jusczyk, Peter W and Bertoncini, Josiane and Bijeljac-Babic, Ranka and Kennedy, Lori J and Mehler, Jacques},
  journal={Cognitive Development},
  volume={5},
  number={3},
  pages={265--286},
  year={1990},
  publisher={Elsevier}
}

@article{kalashnikova2017,
  title={The origins of babytalk: smiling, teaching or social convergence?},
  author={Kalashnikova, Marina and Carignan, Christopher and Burnham, Denis},
  journal={Royal Society Open Science},
  volume={4},
  number={8},
  pages={170306},
  year={2017},
  publisher={The Royal Society}
}

@article{kantartzis2011,
  title={Japanese sound-symbolism facilitates word learning in English-speaking children},
  author={Kantartzis, Katerina and Imai, Mutsumi and Kita, Sotaro},
  journal={Cognitive Science},
  volume={35},
  number={3},
  pages={575--586},
  year={2011},
  publisher={Wiley Online Library}
}

@article{kaye1980,
  title={Why we don't talk ‘baby talk’ to babies},
  author={Kaye, Kenneth},
  journal={Journal of Child Language},
  volume={7},
  number={03},
  pages={489--507},
  year={1980},
  publisher={Cambridge Univ Press}
}

@article{kirchhoff2005,
  title={Statistical properties of infant-directed versus adult-directed speech: {Insights} from speech recognition},
  author={Kirchhoff, Katrin and Schimmel, Steven},
  journal={The Journal of the Acoustical Society of America},
  volume={117},
  number={4},
  pages={2238--2246},
  year={2005},
  publisher={Acoustical Society of America}
}

@article{kohonen_neural_1988,
	title = {The 'neural' phonetic typewriter},
	volume = {21},
	number = {3},
	journal = {Computer},
	author = {Kohonen, Teuvo},
	year = {1988},
	pages = {11--22}
}

@article{kuhl_1993,
  title={Early linguistic experience and phonetic perception: {Implications} for theories of developmental speech perception.},
  author={Kuhl, Patricia K},
  journal={Journal of Phonetics},
  year={1993},
  publisher={Elsevier Science}
}

@article{kuhl1997,
  title={Cross-language analysis of phonetic units in language addressed to infants},
  author={Kuhl, Patricia K and Andruski, Jean E and Chistovich, Inna A and Chistovich, Ludmilla A and Kozhevnikova, Elena V and Ryskina, Viktoria L and Stolyarova, Elvira I and Sundberg, Ulla and Lacerda, Francisco},
  journal={Science},
  volume={277},
  number={5326},
  pages={684--686},
  year={1997},
  publisher={American Association for the Advancement of Science}
}

@article{kuhl_2000,
	title = {A new view of language acquisition},
	volume = {97},
	number = {22},
	journal = {Proceedings of the National Academy of Sciences},
	author = {Kuhl, Patricia K.},
	year = {2000},
	pages = {11850--11857}
	}

@article{lahey_2014,
  title={Pronunciation variation in infant-directed speech: {Phonetic} reduction of two highly frequent words},
  author={Lahey, Mybeth and Ernestus, Mirjam},
  journal={Language Learning and Development},
  volume={10},
  number={4},
  pages={308--327},
  year={2014},
  publisher={Taylor \& Francis}
}

@article{lake_2009,
	title = {Modeling {Unsupervised} {Perceptual} {Category} {Learning}},
	volume = {1},
	doi = {10.1109/TAMD.2009.2021703},
	number = {1},
	urldate = {2013-01-04},
	journal = {IEEE Transactions on Autonomous Mental Development},
	author = {Lake, B.M. and Vallabha, G.K. and McClelland, J.L.},
	year = {2009},
	pages = {35--43}
}

@inproceedings{larsen2017,
  title={Relating unsupervised word segmentation to reported vocabulary acquisition},
  author={Larsen, Elin and Dupoux, Emmanuel and Cristia, Alejandrina},
  year={2017},
  booktitle={Interspeech}
}

@phdthesis{leben1973,
  title={Suprasegmental phonology.},
  author={Leben, William Ronald},
  year={1973},
  school={Massachusetts Institute of Technology}
}

@incollection{lindblom1990,
  title={Explaining phonetic variation: {A} sketch of the {H\&H} theory},
  author={Lindblom, Bj{\"o}rn},
  booktitle={Speech production and speech modelling},
  pages={403--439},
  year={1990},
  publisher={Springer}
}

@article{lindblom1992,
  title={Phonological units as adaptive emergents of lexical development},
  author={Lindblom, Bj{\"o}rn},
  journal={Phonological development: Models, research, implications},
  volume={131},
  pages={163},
  year={1992}
}

@article{liu2003,
  title={An association between mothers’ speech clarity and infants’ speech discrimination skills},
  author={Liu, Huei-Mei and Kuhl, Patricia K and Tsao, Feng-Ming},
  journal={Developmental Science},
  volume={6},
  number={3},
  pages={F1--F10},
  year={2003},
  publisher={Wiley Online Library}
}

@article{lively1992,
  title={Some Effects of Training {Japanese} Listeners to Identify {English} /r/ and /l/},
  author={Lively, Scott E and Pisoni, David B and Logan, John S},
  journal={Speech perception, production and linguistic structure},
  pages={175},
  year={1992},
  publisher={IOS Press}
}

@article{lively1993,
  title={Training {Japanese} listeners to identify {English} /r/ and /l/. {II:} {The} role of phonetic environment and talker variability in learning new perceptual categories},
  author={Lively, Scott E and Logan, John S and Pisoni, David B},
  journal={The Journal of the Acoustical Society of America},
  volume={94},
  number={3},
  pages={1242--1255},
  year={1993},
  publisher={ASA}
}

@phdthesis{luce1986,
  title={Neighborhoods of Words in the Mental Lexicon. {Research} on Speech Perception. Technical Report No. 6.},
  author={Luce, Paul A},
  year={1986},
  school={Indiana University}
}

@article{luce1998,
title = {{Recognizing Spoken Words: {The} Neighborhood Activation Model}},
author = {Luce, Paul A and Pisoni, David B},
journal = {Ear and Hearing},
volume = {19},
number = {1},
pages = {1--36},
year = {1998}
}

@inproceedings{ludusan2015,
  title={Motif discovery in infant-and adult-directed speech},
  author={Ludusan, Bogdan and Seidl, Amanda and Dupoux, Emmanuel and Cristia, Alejandrina},
  booktitle={CONFERENCE ON EMPIRICAL METHODS IN NATURAL LANGUAGE PROCESSING},
  pages={93},
  year={2015}
}

@article{ludusan2016JASA,
  title={Learnability of prosodic boundaries: {Is} infant-directed speech easier?},
  author={Ludusan, Bogdan and Cristia, Alejandrina and Martin, Andrew and Mazuka, Reiko and Dupoux, Emmanuel},
  journal={The Journal of the Acoustical Society of America},
  volume={140},
  number={2},
  pages={1239--1250},
  year={2016},
  publisher={ASA}
}

@article{ludusan2016JASAEL,
   author = "Ludusan, Bogdan and Dupoux, Emmanuel",
   title = "The role of prosodic boundaries in word discovery: {Evidence} from a computational model",
   journal = "The Journal of the Acoustical Society of America",
   year = "2016",
   volume = "140",
   number = "1", 
   pages = "EL1-EL6",
   url = "http://scitation.aip.org/content/asa/journal/jasa/140/1/10.1121/1.4954652",
   doi = "http://dx.doi.org/10.1121/1.4954652" 
}

@inproceedings{ludusan2017ACL,
  title={The Role of Prosody and Speech Register in Word Segmentation: {A} Computational Modelling Perspective},
  author={Ludusan, Bogdan and Mazuka, Reiko and Bernard, Mathieu and Cristia, Alejandrina and Dupoux, Emmanuel},
  booktitle={Proceedings of the 55th Annual Meeting of the Association for Computational Linguistics (Volume 2: Short Papers)},
  volume={2},
  pages={178--183},
  year={2017}
}

@article{ma2011,
  title={Word learning in infant-and adult-directed speech},
  author={Ma, Weiyi and Golinkoff, Roberta Michnick and Houston, Derek M and Hirsh-Pasek, Kathy},
  journal={Language Learning and Development},
  volume={7},
  number={3},
  pages={185--201},
  year={2011},
  publisher={Taylor \& Francis}
}

@article{maekawa2004,
  title={{Corpus} of {Spontaneous} {Japanese}: design, annotation and {XML} representation},
  author={Maekawa, Kikuo and Kikuchi, Hideaki and Tsukahara, Wataru},
  journal={Reproduction},
  volume={16},
  number={16},
  pages={5--5},
  year={2004}
}

@article{martin2013,
  title={Learning Phonemes With a Proto-Lexicon},
  author={Martin, Andrew and Peperkamp, Sharon and Dupoux, Emmanuel},
  journal={Cognitive Science},
  volume={37},
  number={1},
  pages={103--124},
  year={2013},
  publisher={Wiley Online Library}
}

@article{martin2014,
  title={The multidimensional nature of hyperspeech: {Evidence} from {Japanese} vowel devoicing},
  author={Martin, Andrew and Utsugi, Akira and Mazuka, Reiko},
  journal={Cognition},
  volume={132},
  number={2},
  pages={216--228},
  year={2014},
  publisher={Elsevier}
}

@article{martin2015,
  title={Mothers Speak Less Clearly to Infants Than to Adults: {A} Comprehensive Test of the Hyperarticulation Hypothesis},
  author={Martin, Andrew and Schatz, Thomas and Versteegh, Maarten and Miyazawa, Kouki and Mazuka, Reiko and Dupoux, Emmanuel and Cristia, Alejandrina},
  journal={Psychological science},
  volume={26},
  number={3},
  pages={341--347},
  year={2015},
  publisher={SAGE Publications}
}

@article{martin2016,
  title={Utterances in infant-directed speech are shorter, not slower},
  author={Martin, Andrew and Igarashi, Yosuke and Jincho, Nobuyuki and Mazuka, Reiko},
  journal={Cognition},
  volume={156},
  pages={52--59},
  year={2016},
  publisher={Elsevier}
}

@article{maye_2002,
	title = {Infant sensitivity to distributional information can affect phonetic discrimination},
	volume = {82},
	number = {3},
	urldate = {2013-11-29},
	journal = {Cognition},
	author = {Maye, Jessica and Werker, Janet F. and Gerken, LouAnn},
	year = {2002},
	pages = {B101--B111}
	}

@article{mazuka2006,
 author		=	{Mazuka, Reiko and Igarashi, Yosuke and Nishikawa, Ken'ya},
 title		=	{{Input for Learning Japanese: RIKEN Japanese Mother-Infant Conversation Corpus}},
 journal	=	{Technical report of IEICE, TL2006-16},
 volume     =   {106},
 number     =   {165},
 pages		= 	{11--15},
 year		=	{2006}
}

@incollection{mazuka2008,
  title={{Japanese} mothers’ use of specialized vocabulary in infant-directed speech: {Infant-directed} vocabulary in {Japanese}},
  author={Mazuka, Reiko and Kondo, Tadahisa and Hayashi, Akiko},
  booktitle={The origins of language},
  pages={39--58},
  year={2008},
  publisher={Springer}
}

@article{mcmurray_2009,
	title = {Statistical learning of phonetic categories: insights from a computational approach},
	volume = {12},
	doi = {10.1111/j.1467-7687.2009.00822.x},
	number = {3},
	urldate = {2013-01-04},
	journal = {Developmental Science},
	author = {McMurray, Bob and Aslin, Richard N. and Toscano, Joseph C.},
	year = {2009},
	pages = {369--378}
}

@article{mcmurray2013,
  title={Infant directed speech and the development of speech perception: {Enhancing} development or an unintended consequence?},
  author={McMurray, Bob and Kovack-Lesh, Kristine A and Goodwin, Dresden and McEchron, William},
  journal={Cognition},
  volume={129},
  number={2},
  pages={362--378},
  year={2013},
  publisher={Elsevier}
}

@incollection{metsala1998,
  author={Metsala, Jamie L and Walley, Amanda C},
  title={Spoken vocabulary growth and the segmental restructuring of lexical representations: Precursors to phonemic awareness and early reading ability.},
  editor={Metsala, J.L. and Ehri, L.C.},
  booktitle={Word recognition in beginning literacy},
  publisher={Lawrence Erlbaum Associates Publishers},
  address={Mahwah, NJ},
  year={1998},
  pages={89--120},
}

@inproceedings{miyazaki2013,
  title={The facilitatory role of sound symbolism in infant word learning},
  author={Miyazaki, Michiko and Hidaka, Shohei and Imai, Mutsumi and Yeung, H Henny and Kantartzis, Katerina and Okada, Hiroyuki and Kita, Sotaro},
  year={2013},
  organization={Cognitive Science Society}
}

@article{miyazawa2017,
  title={Vowels in infant-directed speech: {More} breathy and more variable, but not clearer},
  author={Miyazawa, Kouki and Shinya, Takahito and Martin, Andrew and Kikuchi, Hideaki and Mazuka, Reiko},
  journal={Cognition},
  volume={166},
  pages={84--93},
  year={2017},
  publisher={Elsevier}
}

@article{moore1997,
  title={An introduction to the psychology of hearing},
  author={Moore, Brian CJ},
  journal={Table},
  volume={6},
  pages={238},
  year={1997}
}

@article{mullennix_1989,
  title={Some effects of talker variability on spoken word recognition},
  author={Mullennix, John W and Pisoni, David B and Martin, Christopher S},
  journal={The Journal of the Acoustical Society of America},
  volume={85},
  number={1},
  pages={365--378},
  year={1989},
  publisher={ASA}
}

@article{newport1977,
  title={Mother, {I'd} rather do it myself: {Some} effects and non-effects of maternal speech style},
  author={Newport, E and Gleitman, Henry and Gleitman, L},
  journal={Talking to children: Language input and acquisition},
  pages={109--149},
  year={1977}
}

@article{ngon2013,
  title={(Non) words,(non) words,(non) words: evidence for a protolexicon during the first year of life},
  author={Ngon, C{\'e}line and Martin, Andrew and Dupoux, Emmanuel and Cabrol, Dominique and Dutat, Michel and Peperkamp, Sharon},
  journal={Developmental Science},
  volume={16},
  number={1},
  pages={24--34},
  year={2013},
  publisher={Wiley Online Library}
}

@collection{ono2007,
  title={Nihongo onomatope jiten ({Japanese Mimetics Dictionary})},
  editor={Ono, Masahiro},
  year={2007}
}

@book{oshaughnessy1987,
  title={Speech communication: human and machine},
  author={O'Shaughnessy, Douglas},
  year={1987},
  publisher={Universities press}
}

@article{ota2016,
  title    = "Reduplicated words are easier to learn",
  keywords = "word learning, learning bias, reduplication, infant-directed speech",
  author   = "Mitsuhiko Ota and Barbora Skarabela",
  year     = "2016",
  month    = "3",
  journal  = "Language Learning and Development",
  issn     = "1547-5441",
}

@article{ota2017,
  title={Reduplication facilitates early word segmentation},
  author={Ota, Mitsuhiko and Skarabela, Barbora},
  journal={Journal of Child Language},
  pages={1--15},
  year={2017},
  publisher={Cambridge University Press}
}

@article{papousek1991,
  title={Tone and intonation in {Mandarin} babytalk to presyllabic infants: {Comparison} with registers of adult conversation and foreign language instruction},
  author={Papou{\v{s}}ek, Mechthild and Hwang, Shu-Fen C},
  journal={Applied Psycholinguistics},
  volume={12},
  number={04},
  pages={481--504},
  year={1991},
  publisher={Cambridge Univ Press}
}

@article{phillips1973,
  title={Syntax and vocabulary of mothers' speech to young children: {Age} and sex comparisons},
  author={Phillips, Juliet R},
  journal={Child development},
  pages={182--185},
  year={1973},
  publisher={JSTOR}
}

@article{pierrehumbert2003,
  title={Phonetic diversity, statistical learning, and acquisition of phonology},
  author={Pierrehumbert, Janet B},
  journal={Language and speech},
  volume={46},
  number={2-3},
  pages={115--154},
  year={2003},
  publisher={SAGE Publications Sage UK: London, England}
}

@article{rasanen_2012,
	title = {Computational modeling of phonetic and lexical learning in early language acquisition: {Existing} models and future directions},
	volume = {54},
	issn = {01676393},
	shorttitle = {Computational modeling of phonetic and lexical learning in early language acquisition},
	doi = {10.1016/j.specom.2012.05.001},
	number = {9},
	urldate = {2013-01-04},
	journal = {Speech Communication},
	author = {Räsänen, Okko},
	year = {2012},
	pages = {975--997}
	}

@article{reilly1996,
  title={Competition on the face: {Affect} and language in {ASL} motherese},
  author={Reilly, Judy Snitzer and Bellugi, Ursula},
  journal={Journal of child language},
  volume={23},
  number={01},
  pages={219--239},
  year={1996},
  publisher={Cambridge Univ Press}
}

@article{rost2009,
  title={Speaker variability augments phonological processing in early word learning},
  author={Rost, Gwyneth C and McMurray, Bob},
  journal={Developmental science},
  volume={12},
  number={2},
  pages={339--349},
  year={2009},
  publisher={Wiley Online Library}
}

@article{rost2010,
  title={Finding the signal by adding noise: {The} role of noncontrastive phonetic variability in early word learning},
  author={Rost, Gwyneth C and McMurray, Bob},
  journal={Infancy},
  volume={15},
  number={6},
  pages={608--635},
  year={2010},
  publisher={Wiley Online Library}
}

@inproceedings{roy2009,
  title={New horizons in the study of child language acquisition},
  author={Roy, Deb},
  year={2009},
  booktitle={Proceedings of the InterSpeech}
}

@article{ryalls_1997,
  title={The effect of talker variability on word recognition in preschool children.},
  author={Ryalls, Brigette Oliver and Pisoni, David B},
  journal={Developmental Psychology},
  volume={33},
  number={3},
  pages={441},
  year={1997},
  publisher={American Psychological Association}
}

@inproceedings{sagisaka1990,
  title={A large-scale {Japanese} speech database},
  author={Sagisaka, Yoshinori and Takeda, Kazuya and Abel, M and Katagiri, Shigeru and Umeda, Tetsuo and Kuwabara, Hisao},
  booktitle={First International Conference on Spoken Language Processing},
  year={1990}
}

@article{saji2013,
  title={Onomatope kenkyu no shatei—chikadzuku oto to imi {[Sound Symbolism and Mimetics]}},
  author={Saji, N and Imai, M},
  journal={Goishutoku ni okeru ruizousei no kouka no kentou},
  pages={151--166},
  year={2013}
}

@inproceedings{schatz_2013,
	title = {Evaluating speech features with the {Minimal}-{Pair} {ABX} task: {Analysis} of the classical {MFC}/{PLP} pipeline},
	author = {Schatz, Thomas and Peddinti, Vijayaditya and Bach, Francis and Jansen, Aren and Hermansky, Hynek and Dupoux, Emmanuel},
	year = {2013},
	booktitle={Proceedings of Interspeech},
	pages = {1781--1785}
}

@article{singh2008,
  title={Influences of high and low variability on infant word recognition},
  author={Singh, Leher},
  journal={Cognition},
  volume={106},
  number={2},
  pages={833--870},
  year={2008},
  publisher={Elsevier}
}

@article{singh2009,
  title={Influences of infant-directed speech on early word recognition},
  author={Singh, Leher and Nestor, Sarah and Parikh, Chandni and Yull, Ashley},
  journal={Infancy},
  volume={14},
  number={6},
  pages={654--666},
  year={2009},
  publisher={Taylor \& Francis}
}

@article{singh2015,
  title={Spoken word recognition in early childhood: {Comparative} effects of vowel, consonant and lexical tone variation},
  author={Singh, Leher and Goh, Hwee Hwee and Wewalaarachchi, Thilanga D},
  journal={Cognition},
  volume={142},
  pages={1--11},
  year={2015},
  publisher={Elsevier}
}

@article{soderstrom2007,
  title={Beyond babytalk: {Re-evaluating} the nature and content of speech input to preverbal infants},
  author={Soderstrom, Melanie},
  journal={Developmental Review},
  volume={27},
  number={4},
  pages={501--532},
  year={2007},
  publisher={Elsevier}
}

@article{soderstrom2013,
  title={When do caregivers talk? {The} influences of activity and time of day on caregiver speech and child vocalizations in two childcare environments},
  author={Soderstrom, Melanie and Wittebolle, Kelsey},
  journal={PloS one},
  volume={8},
  number={11},
  pages={e80646},
  year={2013},
  publisher={Public Library of Science}
}

@article{song2010,
  title={Effects of the acoustic properties of infant-directed speech on infant word recognition},
  author={Song, Jae Yung and Demuth, Katherine and Morgan, James},
  journal={The Journal of the Acoustical Society of America},
  volume={128},
  number={1},
  pages={389--400},
  year={2010},
  publisher={Acoustical Society of America}
}

@article{stager1997,
  title={Infants listen for more phonetic detail in speech perception than in word-learning tasks},
  author={Stager, Christine L and Werker, Janet F},
  journal={Nature},
  volume={388},
  number={6640},
  pages={381--382},
  year={1997},
  publisher={Nature Publishing Group}
}

@article{storkel2000,
  title={The effect of probabilistic phonotactics on lexical acquisition},
  author={Storkel, Holly L and Rogers, Margaret A},
  journal={Clinical Linguistics \& Phonetics},
  volume={14},
  number={6},
  pages={407--425},
  year={2000},
  publisher={Taylor \& Francis}
}

@article{storkel2001,
  title={Learning New Words: {Phonotactic} Probability in Language Development},
  author={Storkel, Holly L},
  journal={Journal of Speech, Language, and Hearing Research},
  volume={44},
  number={6},
  pages={1321--1337},
  year={2001},
  publisher={ASHA}
}

@article{storkel2004,
  title={Do children acquire dense neighborhoods? {An} investigation of similarity neighborhoods in lexical acquisition},
  author={Storkel, Holly L},
  journal={Applied Psycholinguistics},
  volume={25},
  number={02},
  pages={201--221},
  year={2004},
  publisher={Cambridge Univ Press}
}

@article{swingley2002,
  title={Lexical neighborhoods and the word-form representations of 14-month-olds},
  author={Swingley, Daniel and Aslin, Richard N},
  journal={Psychological science},
  volume={13},
  number={5},
  pages={480--484},
  year={2002},
  publisher={SAGE Publications}
}

@article{swingley2007,
  title={Lexical competition in young children’s word learning},
  author={Swingley, Daniel and Aslin, Richard N},
  journal={Cognitive psychology},
  volume={54},
  number={2},
  pages={99--132},
  year={2007},
  publisher={Elsevier}
}

@article{thiessen2005,
  title={Infant-directed speech facilitates word segmentation},
  author={Thiessen, Erik D and Hill, Emily A and Saffran, Jenny R},
  journal={Infancy},
  volume={7},
  number={1},
  pages={53--71},
  year={2005},
  publisher={Wiley Online Library}
}

@article{thiessen_2007,
	title = {The effect of distributional information on children’s use of phonemic contrasts},
	volume = {56},
	doi = {10.1016/j.jml.2006.07.002},
	language = {en},
	number = {1},
	urldate = {2017-06-14},
	journal = {Journal of Memory and Language},
	author = {Thiessen, Erik D.},
	month = jan,
	year = {2007},
	pages = {16--34}
	}

@article{trueswell2016,
  title={Perceiving referential intent: {Dynamics} of reference in natural parent--child interactions},
  author={Trueswell, John C and Lin, Yi and Armstrong, Benjamin and Cartmill, Erica A and Goldin-Meadow, Susan and Gleitman, Lila R},
  journal={Cognition},
  volume={148},
  pages={117--135},
  year={2016},
  publisher={Elsevier}
}

@article{tsuji2014segmental,
  title={Segmental distributions and consonant-vowel association patterns in Japanese infant-and adult-directed speech},
  author={Tsuji, Sho and Nishikawa, Kenya and Mazuka, Reiko},
  journal={Journal of child language},
  volume={41},
  number={06},
  pages={1276--1304},
  year={2014},
  publisher={Cambridge Univ Press}
}

@article{uther2007,
  title={Do you speak {E-NG-LI-SH}? {A} comparison of foreigner-and infant-directed speech},
  author={Uther, Maria and Knoll, Monja A and Burnham, Denis},
  journal={Speech Communication},
  volume={49},
  number={1},
  pages={2--7},
  year={2007},
  publisher={Elsevier}
}

@article{vallabha_2007,
	title = {Unsupervised learning of vowel categories from infant-directed speech},
	volume = {104},
	number = {33},
	journal = {Proceedings of the National Academy of Sciences},
	author = {Vallabha, G. K. and McClelland, J. L. and Pons, F. and Werker, J. F. and Amano, S.},
	year = {2007},
	pages = {13273--13278}
}

@inproceedings{varadarajan_2008,
	title = {Unsupervised learning of acoustic sub-word units},
	booktitle = {Proceedings of the 46th {Annual} {Meeting} of the {Association} for {Computational} {Linguistics} on {Human} {Language} {Technologies}: {Short} {Papers}},
	publisher = {Association for Computational Linguistics},
	author = {Varadarajan, Balakrishnan and Khudanpur, Sanjeev and Dupoux, Emmanuel},
	year = {2008},
	pages = {165--168}
}

@article{versteegh_2016,
	title = {The zero resource speech challenge 2015: {Proposed} approaches and results},
	volume = {81},
	shorttitle = {The zero resource speech challenge 2015},
	journal = {Procedia Computer Science},
	author = {Versteegh, Maarten and Anguera, Xavier and Jansen, Aren and Dupoux, Emmanuel},
	year = {2016},
	pages = {67--72}
}

@article{vitevitch1998,
  title={When words compete: {Levels} of processing in perception of spoken words},
  author={Vitevitch, Michael S and Luce, Paul A},
  journal={Psychological science},
  volume={9},
  number={4},
  pages={325--329},
  year={1998},
  publisher={SAGE Publications}
}

@article{werker1984,
  title={Cross-language speech perception: {Evidence} for perceptual reorganization during the first year of life},
  author={Werker, Janet F and Tees, Richard C},
  journal={Infant behavior and development},
  volume={7},
  number={1},
  pages={49--63},
  year={1984},
  publisher={Elsevier}
}

@article{werker2002,
  title={Infants' ability to learn phonetically similar words: {Effects} of age and vocabulary size},
  author={Werker, Janet F and Fennell, Christopher T and Corcoran, Kathleen M and Stager, Christine L},
  journal={Infancy},
  volume={3},
  number={1},
  pages={1--30},
  year={2002},
  publisher={Wiley Online Library}
}

@article{werker_2005,
	title = {{PRIMIR}: {A} developmental framework of infant speech processing},
	volume = {1},
	number = {2},
	journal = {Language learning and development},
	author = {Werker, Janet F. and Curtin, Suzanne},
	year = {2005},
	pages = {197--234}
}

@article{white2008,
  title={Sub-segmental detail in early lexical representations},
  author={White, Katherine S and Morgan, James L},
  journal={Journal of Memory and Language},
  volume={59},
  number={1},
  pages={114--132},
  year={2008},
  publisher={Elsevier}
}

@article{xu2013,
  title={Vowel hyperarticulation in parrot-, dog- and infant-directed speech},
  author={Xu, Nan and Burnham, Denis and Kitamura, Christine and Vollmer-Conna, Ute},
  journal={Anthrozo{\"o}s},
  volume={26},
  number={3},
  pages={373--380},
  year={2013},
  publisher={Taylor \& Francis}
}

@article{yoshida2009,
  title={Fourteen-month-old infants learn similar-sounding words},
  author={Yoshida, Katherine A and Fennell, Christopher T and Swingley, Daniel and Werker, Janet F},
  journal={Developmental science},
  volume={12},
  number={3},
  pages={412--418},
  year={2009},
  publisher={Wiley Online Library}
}

@article{zellou2015,
  title={Lexically conditioned phonetic variation in motherese: age-of-acquisition and other word-specific factors in infant-and adult-directed speech},
  author={Zellou, Georgia and Scarborough, Rebecca},
  journal={Laboratory Phonology},
  volume={6},
  number={3-4},
  pages={305--336},
  year={2015}
}

%%%%%%%%%%%%%%%%%%%%%%%%%%%%%%%%%
% /!\ IN ALPHABETICAL ORDER /!\ %
%%%%%%%%%%%%%%%%%%%%%%%%%%%%%%%%%